
@book{isermann,
    publisher = {Springer-Verlag},
    isbn = {1-85233-930-6},
    year = {2005},
    title = {Mechatronic systems : fundamentals},
    language = {eng},
    address = {London},
    author = {Isermann, Rolf},
    keywords = {elektronika el; informatika ma;
    mikromechanika sr; dynamické systémy; mechanické elektronické
systémy; mechatronika; mikropočítače; oscilace; regulátory; senzory}, }

@misc{fdi_cern2,
  title = {Fault detection and isolation an overwiew},
  medium = {online},
  accessed = {2020-08-31},
  URL = {https://indico.cern.ch/event/459867/attachments/1187105/1721587/FDI_CERN.pdf},
}

