@misc{fdi_cern2,
  title = {Fault detection and isolation an overwiew},
  medium = {online},
  accessed = {2020-08-31},
  URL = {https://indico.cern.ch/event/459867/attachments/1187105/1721587/FDI_CERN.pdf},
}

